<?xml version="1.0" encoding="UTF-8"?><collection xmlns="http://www.loc.gov/MARC21/slim"><record><leader>00375nam--2200145-i-4500</leader><controlfield tag="001">000016537</controlfield><controlfield tag="002">20161230</controlfield><controlfield tag="005">20170302172157</controlfield><controlfield tag="008">060222s1000------------r-----000-0-eng-d</controlfield><datafield ind1=" " ind2=" " tag="100"><subfield code="a">Brown, Marty</subfield></datafield><datafield ind1=" " ind2=" " tag="245"><subfield code="a">Practical switching power supply design</subfield></datafield><datafield ind1=" " ind2=" " tag="260"><subfield code="a">San Diego</subfield><subfield code="b">Academic Press, Inc</subfield><subfield code="c">1990</subfield></datafield><datafield ind1=" " ind2=" " tag="300"><subfield code="a">X + 240 p</subfield></datafield><datafield ind1=" " ind2=" " tag="852"><subfield code="a">621.316</subfield></datafield><datafield ind1=" " ind2=" " tag="CAT"><subfield code="a">SYS</subfield><subfield code="c">20170302</subfield><subfield code="h">172157</subfield></datafield></record></collection>